\begin{thebibliography}{}
\bibitem{Deu85}
  D. Deutsch, 
  {\em Quantum theory, the Church-Turing principle, and the universal
  quantum computer},
  Proc. Roy. Soc. London A {\bf 400}, 97 (1985).
\bibitem{DJ92}
  D. Deutsch and R. Jozsa, 
  {\em Rapid solution of problems by quantum computation}, 
  Proc. Roy. Soc.  London A {\bf 439}, 553 (1992).
\bibitem{BV93}
  E. Bernstein and U. Vazirani,
  {\em Quantum complexity theory}, 
  Proc. 25th ACM Symposium on the Theory of Computing, 11 (1993).
\bibitem{Sim94}
  D. Simon,
  {\em On the power of quantum computation},
  Proc. 35th IEEE Symposium on the Foundations of Computer Science,
  116 (1994).
\bibitem{Sho94}
  P. W. Shor,
  {\em Algorithms for quantum computation: discrete logarithms and
  factoring},
  Proc. 35th IEEE Symposium on Foundations of Computer Science, 124
  (1994).
\bibitem{Kit95}
  A. Kitaev,
  {\em Quantum measurements and the abelian stabilizer problem},
  \qph{9511026}.
\bibitem{ME99}
  M. Mosca and A. Ekert,
  {\em The hidden subgroup problem and eigenvalue estimation on a quantum
  computer},
  Proc. 1st NASA International Conference on Quantum Computing and Quantum
  Communication, Vol. 1509 of {\em Lecture Notes in Computer Science}
  (1999).
\bibitem{BCW00}
  J. N. de Beaudrap, R. Cleve, and J. Watrous,
  {\em Sharp quantum vs. classical query complexity separations},
  \qph{0011065}.
\bibitem{DH00}
  W. van Dam and S. Hallgren,
  {\em Efficient quantum algorithms for shifted quadratic character
  problems},
  \qph{0011067}.
\bibitem{HRT00}
  S. Hallgren, A. Russell, and A. Ta-Shma,
  {\em Normal subgroup reconstruction and quantum computation using group
  representations},
  Proc. 32nd ACM Symposium on the Theory of Computing, 627 (2000).
\bibitem{DHI01}
  W. van Dam, S. Hallgren, and L. Ip,
  {\em Quantum algorithms for hidden coset problems},
  unpublished.
\bibitem{GSVV01}
  M. Grigni, L. Schulman, M. Vazirani, and U. Vazirani,
  {\em Quantum mechanical algorithms for the nonabelian hidden subgroup
  problem},
  Proc. 33rd ACM Symposium on the Theory of Computing,
  68 (2001).
\bibitem{IMS01}
  G. Ivanos, F. Magniez, and M. Santha,
  {\em Efficient quantum algorithms for some instances of the non-abelian
  hidden subgroup problem},
  \qph{0102014}.
\bibitem{Wat01}
  J. Watrous,
  {\em Quantum algorithms for solvable groups},
  Proc. 33rd ACM Symposium on the Theory of Computing, 60 (2001).
\bibitem{Hal02}
  S. Hallgren,
  {\em Polynomial-time quantum algorithms for Pell's equation and the
  principal ideal problem},
  Proc. 34th ACM Symposium on the Theory of Computing, 653 (2002).
\bibitem{FG98}
  E. Farhi and S. Gutmann,
  {\em Quantum computation and decision trees},
  Phys. Rev. A {\bf 58}, 915 (1998).
\bibitem{CFG02}
  A. M. Childs, E. Farhi, and S. Gutmann,
  {\em An example of the difference between quantum and classical random
  walks},
  Quantum Information Processing {\bf 1}, 35 (2002).
\bibitem{ADZ93}
  Y. Aharonov, L. Davidovich, and N. Zagury,
  {\em Quantum random walks},
  Phys. Rev. A {\bf 48}, 1687 (1993).
\bibitem{Mey96}
  D. A. Meyer, 
  {\em From quantum cellular automata to quantum lattice gasses}, 
  J. Stat. Phys. {\bf 85}, 551 (1996).
\bibitem{Wat01b}
  J. Watrous, 
  {\em Quantum simulations of classical random walks and undirected 
  graph connectivity},
  J. Computer and System Sciences {\bf 62}, 376 (2001).
\bibitem{AAKV01}
  D. Aharonov, A. Ambainis, J. Kempe, and U. Vazirani, 
  {\em Quantum walks on graphs}, 
  in Proceedings of the 33rd ACM Symposium on the Theory of Computing, 50
  (ACM Press, New York, 2001).
\bibitem{NV01}
  A. Ambainis, E. Bach, A. Nayak, A. Vishwanath, and J. Watrous, 
  {\em One-dimensional quantum walks}, 
  Proc. 33rd ACM Symposium on the Theory of Computing, 37 (ACM Press, New
  York, 2001).  
\bibitem{MR01}
  C. Moore and A. Russell,
  {\em Quantum walks on the hypercube},
  \qph{0104137}.
\bibitem{Kem02}
  J. Kempe,
  {\em Quantum random walks hit exponentially faster},
  \qph{0205083}.
\bibitem{Viz64}
  V. G. Vizing,
  {\em On an estimate of the chromatic class of a $p$-graph}, Diskret.
  Analiz {\bf 3}, 23 (1964).
\bibitem{Llo96}
  S. Lloyd,
  {\em Universal quantum simulators},
  Science {\bf 273}, 1073 (1996).
\bibitem{NC00}
  M. A. Nielsen and I. L. Chuang,
  {\em Quantum Computation and Quantum Information}
  (Cambridge University Press, Cambridge, 2000).
\bibitem{AS72}
  M. Abramowitz and I. A. Stegun, 
  {\em Handbook of Mathematical Functions}
  (Dover, New York, 1972).
\bibitem{GoldComm}
  J. Goldstone, personal communication, September 2002.
\end{thebibliography}